@Article{Mnih2015,
author={Mnih, Volodymyr
and Kavukcuoglu, Koray
and Silver, David
and Rusu, Andrei A.
and Veness, Joel
and Bellemare, Marc G.
and Graves, Alex
and Riedmiller, Martin
and Fidjeland, Andreas K.
and Ostrovski, Georg
and Petersen, Stig
and Beattie, Charles
and Sadik, Amir
and Antonoglou, Ioannis
and King, Helen
and Kumaran, Dharshan
and Wierstra, Daan
and Legg, Shane
and Hassabis, Demis},
title={Human-level control through deep reinforcement learning},
journal={Nature},
year={2015},
month={Feb},
day={25},
publisher={Nature Publishing Group, a division of Macmillan Publishers Limited. All Rights Reserved. SN  -},
volume={518},
pages={529 EP  -},
url={https://doi.org/10.1038/nature14236}
}

@article{kaelbling1996reinforcement,
  title={Reinforcement learning: A survey},
  author={Kaelbling, Leslie Pack and Littman, Michael L and Moore, Andrew W},
  journal={Journal of artificial intelligence research},
  volume={4},
  pages={237--285},
  year={1996}
}

@article{yogeswaran2012reinforcement,
  title={Reinforcement learning: exploration--exploitation dilemma in multi-agent foraging task},
  author={Yogeswaran, Mohan and Ponnambalam, SG},
  journal={Opsearch},
  volume={49},
  number={3},
  pages={223--236},
  year={2012},
  publisher={Springer}
}

@article{watkins1992q,
  title={Q-learning},
  author={Watkins, Christopher JCH and Dayan, Peter},
  journal={Machine learning},
  volume={8},
  number={3-4},
  pages={279--292},
  year={1992},
  publisher={Springer}
}

@article{mnih2013playing,
  title={Playing atari with deep reinforcement learning},
  author={Mnih, Volodymyr and Kavukcuoglu, Koray and Silver, David and Graves, Alex and Antonoglou, Ioannis and Wierstra, Daan and Riedmiller, Martin},
  journal={arXiv preprint arXiv:1312.5602},
  year={2013}
}

@inproceedings{cousot1977abstract,
  title={Abstract interpretation: a unified lattice model for static analysis of programs by construction or approximation of fixpoints},
  author={Cousot, Patrick and Cousot, Radhia},
  booktitle={Proceedings of the 4th ACM SIGACT-SIGPLAN symposium on Principles of programming languages},
  pages={238--252},
  year={1977},
  organization={ACM}
}

@inproceedings{gange2016exploiting,
  title={Exploiting sparsity in difference-bound matrices},
  author={Gange, Graeme and Navas, Jorge A and Schachte, Peter and S{\o}ndergaard, Harald and Stuckey, Peter J},
  booktitle={International Static Analysis Symposium},
  pages={189--211},
  year={2016},
  organization={Springer}
}

@article{jourdan2017sparsity,
  title={Sparsity preserving algorithms for octagons},
  author={Jourdan, Jacques-Henri},
  journal={Electronic Notes in Theoretical Computer Science},
  volume={331},
  pages={57--70},
  year={2017},
  publisher={Elsevier}
}

@inproceedings{marechal2017efficient,
  title={Efficient elimination of redundancies in polyhedra by raytracing},
  author={Mar{\'e}chal, Alexandre and P{\'e}rin, Micha{\"e}l},
  booktitle={International Conference on Verification, Model Checking, and Abstract Interpretation},
  pages={367--385},
  year={2017},
  organization={Springer}
}

@inproceedings{singh2015making,
  title={Making numerical program analysis fast},
  author={Singh, Gagandeep and P{\"u}schel, Markus and Vechev, Martin},
  booktitle={ACM SIGPLAN Notices},
  volume={50},
  number={6},
  pages={303--313},
  year={2015},
  organization={ACM}
}

@article{motzkin1953double,
  title={The Double Description Method, in Contributions to the Theory of Games II},
  author={Motzkin, Theodore S},
  journal={Annals of Mathematics Study},
  volume={28},
  year={1953},
  publisher={Princeton University Press}
}

@article{chernikova1968algorithm,
  title={Algorithm for discovering the set of all the solutions of a linear programming problem},
  author={Chernikova, NV},
  journal={Zhurnal Vychislitel'noi Matematiki i Matematicheskoi Fiziki},
  volume={8},
  number={6},
  pages={1387--1395},
  year={1968},
  publisher={Russian Academy of Sciences, Branch of Mathematical Sciences}
}

@inproceedings{singh2017fast,
  title={Fast polyhedra abstract domain},
  author={Singh, Gagandeep and P{\"u}schel, Markus and Vechev, Martin},
  booktitle={ACM SIGPLAN Notices},
  volume={52},
  number={1},
  pages={46--59},
  year={2017},
  organization={ACM}
}

@inproceedings{singh2018fast,
  title={Fast numerical program analysis with reinforcement learning},
  author={Singh, Gagandeep and P{\"u}schel, Markus and Vechev, Martin},
  booktitle={International Conference on Computer Aided Verification},
  pages={211--229},
  year={2018},
  organization={Springer}
}

@article{stoer1997simple,
  title={A simple min-cut algorithm},
  author={Stoer, Mechthild and Wagner, Frank},
  journal={Journal of the ACM (JACM)},
  volume={44},
  number={4},
  pages={585--591},
  year={1997},
  publisher={ACM}
}

@software{elina,
  author = {ELINA},
  title = {ETH Library for Numerical Analysis},
  url = {http://elina.ethz.ch},
}

@article{mine2006octagon,
  title={The octagon abstract domain},
  author={Min{\'e}, Antoine},
  journal={Higher-order and symbolic computation},
  volume={19},
  number={1},
  pages={31--100},
  year={2006},
  publisher={Springer}
}

@incollection{mine2001new,
  title={A new numerical abstract domain based on difference-bound matrices},
  author={Min{\'e}, Antoine},
  booktitle={Programs as Data Objects},
  pages={155--172},
  year={2001},
  publisher={Springer}
}

@article{logozzo2010pentagons,
  title={Pentagons: a weakly relational abstract domain for the efficient validation of array accesses},
  author={Logozzo, Francesco and F{\"a}hndrich, Manuel},
  journal={Science of Computer Programming},
  volume={75},
  number={9},
  pages={796--807},
  year={2010},
  publisher={Elsevier}
}

@inproceedings{riedmiller2005neural,
  title={Neural fitted Q iteration--first experiences with a data efficient neural reinforcement learning method},
  author={Riedmiller, Martin},
  booktitle={European Conference on Machine Learning},
  pages={317--328},
  year={2005},
  organization={Springer}
}

@inproceedings{oh2015learning,
  title={Learning a strategy for adapting a program analysis via bayesian optimisation},
  author={Oh, Hakjoo and Yang, Hongseok and Yi, Kwangkeun},
  booktitle={ACM SIGPLAN Notices},
  volume={50},
  number={10},
  pages={572--588},
  year={2015},
  organization={ACM}
}

@article{oh2014selective,
  title={Selective context-sensitivity guided by impact pre-analysis},
  author={Oh, Hakjoo and Lee, Wonchan and Heo, Kihong and Yang, Hongseok and Yi, Kwangkeun},
  journal={ACM SIGPLAN Notices},
  volume={49},
  number={6},
  pages={475--484},
  year={2014},
  publisher={ACM}
}

@inproceedings{liang2011learning,
  title={Learning minimal abstractions},
  author={Liang, Percy and Tripp, Omer and Naik, Mayur},
  booktitle={ACM SIGPLAN Notices},
  volume={46},
  number={1},
  pages={31--42},
  year={2011},
  organization={ACM}
}

@inproceedings{heo2016learning,
  title={Learning a variable-clustering strategy for octagon from labeled data generated by a static analysis},
  author={Heo, Kihong and Oh, Hakjoo and Yang, Hongseok},
  booktitle={International Static Analysis Symposium},
  pages={237--256},
  year={2016},
  organization={Springer}
}

@inproceedings{chen2008sound,
  title={A sound floating-point polyhedra abstract domain},
  author={Chen, Liqian and Min{\'e}, Antoine and Cousot, Patrick},
  booktitle={Asian Symposium on Programming Languages and Systems},
  pages={3--18},
  year={2008},
  organization={Springer}
}

@article{dyer1991random,
  title={A random polynomial-time algorithm for approximating the volume of convex bodies},
  author={Dyer, Martin and Frieze, Alan and Kannan, Ravi},
  journal={Journal of the ACM (JACM)},
  volume={38},
  number={1},
  pages={1--17},
  year={1991},
  publisher={ACM}
}

@article{kim2004fast,
  title={Fast swept volume approximation of complex polyhedral models},
  author={Kim, Young J and Varadhan, Gokul and Lin, Ming C and Manocha, Dinesh},
  journal={Computer-Aided Design},
  volume={36},
  number={11},
  pages={1013--1027},
  year={2004},
  publisher={Elsevier}
}















